@article{Watanabe2011,
  title={MIROC-ESM: model description and basic results of CMIP5-20c3m experiments},
  author={Watanabe, S and Hajima, T and Sudo, K and Nagashima, T and Takemura, T and Okajima, H and Nozawa, T and Kawase, H and Abe, M and Yokohata, T and others},
  journal={Geoscientific Model Development Discussions},
  volume={4},
  number={2},
  pages={1063--1128},
  year={2011},
  publisher={Copernicus GmbH}
}

@article{Sigman2000,
  title={Glacial/interglacial variations in atmospheric carbon dioxide},
  author={Sigman, Daniel M and Boyle, Edward A},
  journal={Nature},
  volume={407},
  number={6806},
  pages={859},
  year={2000},
  publisher={Nature Publishing Group}
}

@article{Anderson2002,
  title={The Southern Ocean's biological pump during the last glacial maximum},
  author={Anderson, Robert F and Chase, Zanna and Fleisher, Martin Q and Sachs, Julian},
  journal={Deep Sea Research Part II: Topical Studies in Oceanography},
  volume={49},
  number={9},
  pages={1909--1938},
  year={2002},
  publisher={Elsevier}
}

@book{Turner2001,
  title={The biogeochemistry of iron in seawater},
  author={Turner, David R and Hunter, Keith A},
  volume={6},
  year={2001},
  publisher={Wiley Chichester}
}

@article{Lambert2015,
  title={Dust fluxes and iron fertilization in Holocene and Last Glacial Maximum climates},
  author={Lambert, Fabrice and Tagliabue, Alessandro and Shaffer, Gary and Lamy, Frank and Winckler, Gisela and Farias, Laura and Gallardo, Laura and Pol-Holz, De and others},
  journal={Geophysical Research Letters},
  volume={42},
  number={14},
  pages={6014--6023},
  year={2015},
  publisher={Wiley Online Library}
}

@article{Albani2014,
  title={Improved dust representation in the Community Atmosphere Model},
  author={Albani, S and Mahowald, NM and Perry, AT and Scanza, RA and Zender, CS and Heavens, NG and Maggi, V and Kok, JF and Otto-Bliesner, BL},
  journal={Journal of Advances in Modeling Earth Systems},
  volume={6},
  number={3},
  pages={541--570},
  year={2014},
  publisher={Wiley Online Library}
}

@article{Takemura2009,
  title={A simulation of the global distribution and radiative forcing of soil dust aerosols at the Last Glacial Maximum.},
  author={Takemura, T and Egashira, M and Matsuzawa, K and Ichijo, H and O'ishi, R and Abe-Ouchi, A},
  journal={Atmospheric Chemistry \& Physics},
  volume={9},
  number={9},
  year={2009}
}

@misc{ASH:2017:Online,
author = {Varios Autores},
title = {cGENIE Earth system model},
year = {2017},
howpublished = {url{http://www.seao2.info/mycgenie.html}},
note = {Accedido 02-10-2017}
}

@article{Neale2010,
  title={Description of the NCAR community atmosphere model (CAM 5.0)},
  author={Neale, Richard B and Chen, Chih-Chieh and Gettelman, Andrew and Lauritzen, Peter H and Park, Sungsu and Williamson, David L and Conley, Andrew J and Garcia, Rolando and Kinnison, Doug and Lamarque, Jean-Francois and others},
  journal={NCAR Tech. Note NCAR/TN-486+ STR},
  year={2010}
}

@article{Gent2011,
  title={The community climate system model version 4},
  author={Gent, Peter R and Danabasoglu, Gokhan and Donner, Leo J and Holland, Marika M and Hunke, Elizabeth C and Jayne, Steve R and Lawrence, David M and Neale, Richard B and Rasch, Philip J and Vertenstein, Mariana and others},
  journal={Journal of Climate},
  volume={24},
  number={19},
  pages={4973--4991},
  year={2011}
}

@article{Liu2012,
  title={Toward a minimal representation of aerosols in climate models: Description and evaluation in the Community Atmosphere Model CAM5},
  author={Liu, Xiaohong and Easter, Richard C and Ghan, Steven J and Zaveri, R and Rasch, P and Shi, Xiangjun and Lamarque, J-F and Gettelman, A and Morrison, H and Vitt, Francis and others},
  journal={Geoscientific Model Development},
  volume={5},
  number={3},
  pages={709},
  year={2012}
}

@article{Yukimoto2012,
  title={A new global climate model of the Meteorological Research Institute: MRI-CGCM3—model description and basic performance—},
  author={Yukimoto, Seiji and Adachi, Yukimasa and Hosaka, Masahiro and Sakami, Tomonori and Yoshimura, Hiromasa and Hirabara, Mikitoshi and Tanaka, Taichu Y and Shindo, Eiki and Tsujino, Hiroyuki and Deushi, Makoto and others},
  journal={Journal of the Meteorological Society of Japan. Ser. II},
  volume={90},
  pages={23--64},
  year={2012},
  publisher={Meteorological Society of Japan}
}

@article{Aristegui2011,
  title={El oc{\'e}ano como regulador del cambio clim{\'a}tico: indicadores oce{\'a}nicos de la perturbaci{\'o}n antropog{\'e}nica.“},
  author={Aristegui, J},
  journal={Cambio Clim{\'a}tico en Canarias. Conferencias de Invierno},
  year={2011}
}

@book{Libes2011,
  title={Introduction to marine biogeochemistry},
  author={Libes, Susan},
  year={2011},
  publisher={Academic Press}
}

@article{Hain2014,
  title={8.18--The biological Pump in the Past},
  author={Hain, Mathis P and Sigmal, DM and Haug, Gerald H},
  journal={Reference Module in Earth Systems and Environmental Sciences, Treatise on Geochemistry (Second Edition), The Oceans and Marine Geochemistry},
  volume={8},
  pages={485--517},
  year={2014}
}

@article{Kohfeld2001,
  title={DIRTMAP: the geological record of dust},
  author={Kohfeld, Karen E and Harrison, Sandy P},
  journal={Earth-Science Reviews},
  volume={54},
  number={1},
  pages={81--114},
  year={2001},
  publisher={Elsevier}
}

@misc{Stocker2013,
  title={Cambio Clim{\'a}tico 2013: Bases f{\'\i}sicas. Contribuci{\'o}n del Grupo de trabajo I al Quinto Informe de Evaluaci{\'o}n del Grupo Intergubernamental de Expertos sobre el Cambio Clim{\'a}tico},
  author={Stocker, TF and Qin, D and Plattner, GK and Tignor, M and Allen, SK and Boschung, J and Nauels, A and Xia, Y and Bex, V and Midgley, PM},
  year={2013},
  publisher={Cambridge (UK): Cambridge University Press}
}

@article{Charlson1987,
  title={Oceanic phytoplankton, atmospheric sulphur, cloud},
  author={Charlson, Robert J and Lovelock, James E and Andreaei, Meinrat O and Warren, Stephen G},
  journal={Nature},
  volume={326},
  number={6114},
  pages={655--661},
  year={1987}
}

@book{Diaz2006,
  title={Caracterizaci{\'o}n de los aerosoles atmosf{\'e}ricos y su influencia en los niveles de radiaci{\'o}n UV en la regi{\'o}n de Canarias},
  author={D{\'\i}az Rodr{\'\i}guez, Ana Mar{\'\i}a},
  year={2006},
  publisher={Universidad de La Laguna}
}

@book{Charlson1995,
  title={Aerosol forcing of climate},
  author={Charlson, Robert J and Heintzenberg, Jost},
  volume={416},
  year={1995},
  publisher={Wiley, New York}
}

@book{Turner2001,
  title={The biogeochemistry of iron in seawater},
  author={Turner, David R and Hunter, Keith A},
  volume={6},
  year={2001},
  publisher={Wiley Chichester}
}

@article{Hand2004,
  title={Estimates of atmospheric-processed soluble iron from observations and a global mineral aerosol model: Biogeochemical implications},
  author={Hand, JL and Mahowald, NM and Chen, Y and Siefert, RL and Luo, C and Subramaniam, Ajit and Fung, I},
  journal={Journal of Geophysical Research: Atmospheres},
  volume={109},
  number={D17},
  year={2004},
  publisher={Wiley Online Library}
}

@article{Elrod2004,
  title={The flux of iron from continental shelf sediments: A missing source for global budgets},
  author={Elrod, Virginia A and Berelson, William M and Coale, Kenneth H and Johnson, Kenneth S},
  journal={Geophysical Research Letters},
  volume={31},
  number={12},
  year={2004},
  publisher={Wiley Online Library}
}

@article{Jickells2005,
abstract = {The environmental conditions of Earth, including the climate, are determined by physical, chemical, biological, and human interactions that transform and transport materials and energy. This is the "Earth system": a highly complex entity characterized by multiple nonlinear responses and thresholds, with linkages between disparate components. One important part of this system is the iron cycle, in which iron-containing soil dust is transported from land through the atmosphere to the oceans, affecting ocean biogeochemistry and hence having feedback effects on climate and dust production. Here we review the key components of this cycle, identifying critical uncertainties and priorities for future research.},
archivePrefix = {arXiv},
arxivId = {arXiv:1011.1669v3},
author = {Jickells, T. D.},
doi = {10.1126/science.1105959},
eprint = {arXiv:1011.1669v3},
file = {:home/naty/Dropbox/Lectura/67.full.pdf:pdf},
isbn = {0036-8075},
issn = {0036-8075},
journal = {Science},
number = {5718},
pages = {67--71},
pmid = {15802595},
title = {{Global Iron Connections Between Desert Dust, Ocean Biogeochemistry, and Climate}},
url = {http://www.sciencemag.org/cgi/doi/10.1126/science.1105959{\%}5Cnhttp://www.ncbi.nlm.nih.gov/pubmed/15802595{\%}5Cnhttp://www.sciencemag.org/cgi/doi/10.1126/science.1105959},
volume = {308},
year = {2005}
}

@article{Falkowski1998,
  title={Biogeochemical controls and feedbacks on ocean primary production},
  author={Falkowski, Paul G and Barber, Richard T and Smetacek, Victor},
  journal={Science},
  volume={281},
  number={5374},
  pages={200--206},
  year={1998},
  publisher={American Association for the Advancement of Science}
}

@incollection{Boyd2003,
  title={The impact of climate change and feedback processes on the ocean carbon cycle},
  author={Boyd, Philip W and Doney, Scott C},
  booktitle={Ocean biogeochemistry},
  pages={157--193},
  year={2003},
  publisher={Springer}
}

@article{Baker2003,
  title={Atmospheric deposition of nutrients to the Atlantic Ocean},
  author={Baker, AR and Kelly, SD and Biswas, KF and Witt, M and Jickells, TD},
  journal={Geophysical Research Letters},
  volume={30},
  number={24},
  year={2003},
  publisher={Wiley Online Library}
}

@article{Oba1999,
  title={Paleoclimatic significance of eolian carbonates supplied to the Japan Sea during the last glacial maximum},
  author={Oba, Tadamichi and Pedersen, Thomas F},
  journal={Paleoceanography},
  volume={14},
  number={1},
  pages={34--41},
  year={1999},
  publisher={Wiley Online Library}
}

@article{Palenik2003,
  title={The genome of a motile marine Synechococcus},
  author={Palenik, Brian and Brahamsha, B and Larimer, FW and Land, M and Hauser, Loren and Chain, Patrick and Lamerdin, J and Regala, W and Allen, EE and McCarren, J and others},
  journal={Nature},
  volume={424},
  number={6952},
  pages={1037--1042},
  year={2003},
  publisher={Nature Publishing Group}
}

@article{Mills2004,
  title={Iron and phosphorus co-limit nitrogen fixation in the eastern tropical North Atlantic},
  author={Mills, Matthew M and Ridame, Celine and Davey, Margaret and La Roche, Julie and Geider, Richard J},
  journal={Nature},
  volume={429},
  number={6989},
  pages={292--294},
  year={2004},
  publisher={Nature Publishing Group}
}

@inproceedings{Prospero2002,
  title={Environmental characterization of global sources of atmospheric soil dust derived from the NIMBUS7 TOMS absorbing aerosol product, Rev},
  author={Prospero, Joseph M and Ginoux, Paul and Torres, Omar and Nicholson, Sharon E and Gill, Thomas E},
  booktitle={Reviews of Geophysics},
  year={2002},
  organization={Citeseer}
}

@article{Parekh2005,
  title={Decoupling of iron and phosphate in the global ocean},
  author={Parekh, Payal and Follows, Michael J and Boyle, Edward A},
  journal={Global Biogeochemical Cycles},
  volume={19},
  number={2},
  year={2005},
  publisher={Wiley Online Library}
}

@book{Diaz2005,
author = {D{\'{i}}az, Ana Mar{\'{i}}a},
file = {:home/naty/Dropbox/Lectura/cp265.pdf:pdf},
isbn = {8477567018},
pages = {3--8},
title = {{Caracterizaci{\'{o}}n de los aerosoles atmosf{\'{e}}ricos y su influencia en los niveles de radiaci{\'{o}}n UV en la regi{\'{o}}n de Canarias}},
year = {2005}
}