@article{Hain2014,
  title={8.18--The biological Pump in the Past},
  author={Hain, Mathis P and Sigmal, DM and Haug, Gerald H},
  journal={Reference Module in Earth Systems and Environmental Sciences, Treatise on Geochemistry (Second Edition), The Oceans and Marine Geochemistry},
  volume={8},
  pages={485--517},
  year={2014}
}

@article{Watanabe2011,
  title={MIROC-ESM: model description and basic results of CMIP5-20c3m experiments},
  author={Watanabe, S and Hajima, T and Sudo, K and Nagashima, T and Takemura, T and Okajima, H and Nozawa, T and Kawase, H and Abe, M and Yokohata, T and others},
  journal={Geoscientific Model Development Discussions},
  volume={4},
  number={2},
  pages={1063--1128},
  year={2011},
  publisher={Copernicus GmbH}
}

@article{Lambert2015,
  title={Dust fluxes and iron fertilization in Holocene and Last Glacial Maximum climates},
  author={Lambert, Fabrice and Tagliabue, Alessandro and Shaffer, Gary and Lamy, Frank and Winckler, Gisela and Farias, Laura and Gallardo, Laura and Pol-Holz, De and others},
  journal={Geophysical Research Letters},
  volume={42},
  number={14},
  pages={6014--6023},
  year={2015},
  publisher={Wiley Online Library}
}
  
@article{Takemura2009,
  title={A simulation of the global distribution and radiative forcing of soil dust aerosols at the Last Glacial Maximum.},
  author={Takemura, T and Egashira, M and Matsuzawa, K and Ichijo, H and O'ishi, R and Abe-Ouchi},
  journal={Atmospheric Chemistry \& Physics},
  year={2009}
}

@article{Yukimoto2012,
  title={A new global climate model of the Meteorological Research Institute: MRI-CGCM3—model description and basic performance—},
  author={Yukimoto, Seiji and Adachi, Yukimasa and Hosaka, Masahiro and Sakami, Tomonori and Yoshimura, Hiromasa and Hirabara, Mikitoshi and Tanaka, Taichu Y and Shindo, Eiki and Tsujino, Hiroyuki and Deushi, Makoto and others},
  journal={Journal of the Meteorological Society of Japan. Ser. II},
  volume={90},
  pages={23--64},
  year={2012},
  publisher={Meteorological Society of Japan}
}


@article{Albani2014,
  title={Improved dust representation in the Community Atmosphere Model},
  author={Albani, S and Mahowald, NM and Perry, AT and Scanza, RA and Zender, CS and Heavens, NG and Maggi, V and Kok, JF and Otto-Bliesner, BL},
  journal={Journal of Advances in Modeling Earth Systems},
  volume={6},
  number={3},
  pages={541--570},
  year={2014},
  publisher={Wiley Online Library}