@article{marticorena1997factors,
  title={Factors controlling threshold friction velocity in semiarid and arid areas of the United States},
  author={Marticorena, Beatrice and Bergametti, Gilles and Gillette, Dale and Belnap, Jayne},
  journal={Journal of Geophysical Research: Atmospheres},
  volume={102},
  number={D19},
  pages={23277--23287},
  year={1997},
  publisher={Wiley Online Library}
}


@article{ridgwell2007regulation,
  title={Regulation of atmospheric CO2 by deep-sea sediments in an Earth system model},
  author={Ridgwell, Andy and Hargreaves, JC},
  journal={Global Biogeochemical Cycles},
  volume={21},
  number={2},
  year={2007},
  publisher={Wiley Online Library}
}

@article{lambert2015dust,
  title={Dust fluxes and iron fertilization in Holocene and Last Glacial Maximum climates},
  author={Lambert, Fabrice and Tagliabue, Alessandro and Shaffer, Gary and Lamy, Frank and Winckler, Gisela and Farias, Laura and Gallardo, Laura and Pol-Holz, De and others},
  journal={Geophysical Research Letters},
  volume={42},
  number={14},
  pages={6014--6023},
  year={2015},
  publisher={Wiley Online Library}
}

@article{yukimoto2012new,
  title={A new global climate model of the Meteorological Research Institute: MRI-CGCM3—model description and basic performance—},
  author={Yukimoto, Seiji and Adachi, Yukimasa and Hosaka, Masahiro and Sakami, Tomonori and Yoshimura, Hiromasa and Hirabara, Mikitoshi and Tanaka, Taichu Y and Shindo, Eiki and Tsujino, Hiroyuki and Deushi, Makoto and others},
  journal={Journal of the Meteorological Society of Japan. Ser. II},
  volume={90},
  pages={23--64},
  year={2012},
  publisher={Meteorological Society of Japan}
}

@article{sueyoshi2013set,
  title={Set-up of the PMIP3 paleoclimate experiments conducted using an Earth system model, MIROC-ESM},
  author={Sueyoshi, T and Ohgaito, R and Yamamoto, A and Chikamoto, MO and Hajima, T and Okajima, H and Yoshimori, M and Abe, M and O'ishi, R and Saito, F and others},
  journal={Geoscientific Model Development},
  volume={6},
  number={3},
  pages={819--836},
  year={2013},
  publisher={Copernicus GmbH}
}

@article{takemura2009simulation,
  title={A simulation of the global distribution and radiative forcing of soil dust aerosols at the Last Glacial Maximum.},
  author={Takemura, T and Egashira, M and Matsuzawa, K and Ichijo, H and O'ishi, R and Abe-Ouchi, A},
  journal={Atmospheric Chemistry \& Physics},
  volume={9},
  number={9},
  year={2009}
}

@article{albani2014improved,
  title={Improved dust representation in the Community Atmosphere Model},
  author={Albani, S and Mahowald, NM and Perry, AT and Scanza, RA and Zender, CS and Heavens, NG and Maggi, V and Kok, JF and Otto-Bliesner, BL},
  journal={Journal of Advances in Modeling Earth Systems},
  volume={6},
  number={3},
  pages={541--570},
  year={2014},
  publisher={Wiley Online Library}
}
